@online{sourceName,
    author={Google},
    title={Cloud IoT Core - Devices, configuration, and state},
    urldate={2020-01-29},
    year=2015,
    url={https://cloud.google.com/iot/docs/concepts/devices#device_state}
}